@article{atpbind,
  title={ATPbind: accurate protein--ATP binding site prediction by combining sequence-profiling and structure-based comparisons},
  author={Hu, Jun and Li, Yang and Zhang, Yang and Yu, Dong-Jun},
  journal={Journal of chemical information and modeling},
  volume={58},
  number={2},
  pages={501--510},
  year={2018},
  publisher={ACS Publications}
}
@inproceedings{alexnet,
  title={Imagenet classification with deep convolutional neural networks},
  author={Krizhevsky, Alex and Sutskever, Ilya and Hinton, Geoffrey E},
  booktitle={Advances in neural information processing systems},
  pages={1097--1105},
  year={2012}
}

@article{graphfourier,
  title={Signal processing on graphs: Extending high-dimensional data analysis to networks and other irregular data domains},
  author={Shuman, David I and Narang, Sunil K and Frossard, Pascal and Ortega, Antonio and Vandergheynst, Pierre},
  journal={Signal Processing Magazine}
}

@misc{whatsuplaplacian,
    author = "Kun, J.",
    title="What's up with the Graph Laplacian?",
    howpublished = {\url{https://samidavies.wordpress.com/2016/09/20/whats-up-with-the-graph-laplacian/}},
    note = {Consultado: 2019-09-26}

}

@misc{sfunsupervised,
  author        = {Ng, Andrew and Ngiam Jiaquan and Foo Yu Chuan},
  title         = {Lecture notes in Unsupervised Feature Learning and Deep Learning},
  howpublished={\url{http://ufldl.stanford.edu/}}
}

@article{GAT,
  title={Graph attention networks},
  author={Veli{\v{c}}kovi{\'c}, Petar and Cucurull, Guillem and Casanova, Arantxa and Romero, Adriana and Lio, Pietro and Bengio, Yoshua},
  journal={arXiv preprint arXiv:1710.10903},
  year={2017}
}
@inproceedings{attentionalyouneed,
  title={Attention is all you need},
  author={Vaswani, Ashish and Shazeer, Noam and Parmar, Niki and Uszkoreit, Jakob and Jones, Llion and Gomez, Aidan N and Kaiser, {\L}ukasz and Polosukhin, Illia},
  booktitle={Advances in neural information processing systems},
  pages={5998--6008},
  year={2017}
}
@article{lecun1998gradient,
  title={Gradient-based learning applied to document recognition},
  author={LeCun, Yann and Bottou, L{\'e}on and Bengio, Yoshua and Haffner, Patrick and others},
  journal={Proceedings of the IEEE},
  volume={86},
  number={11},
  pages={2278--2324},
  year={1998},
  publisher={Taipei, Taiwan}
}
%eh, LEER <- es ref del blog
@article{kipf2016gcn, 
  title={Semi-supervised classification with graph convolutional networks},
  author={Kipf, Thomas N and Welling, Max},
  journal={arXiv preprint arXiv:1609.02907},
  year={2016}
}
@article{zhou2018graphreview,
  title={Graph neural networks: A review of methods and applications},
  author={Zhou, Jie and Cui, Ganqu and Zhang, Zhengyan and Yang, Cheng and Liu, Zhiyuan and Sun, Maosong},
  journal={arXiv preprint arXiv:1812.08434},
  year={2018}
}
@article{keiser2009newtargetsknowndrugs,
  title={Predicting new molecular targets for known drugs},
  author={Keiser, Michael J and Setola, Vincent and Irwin, John J and Laggner, Christian and Abbas, Atheir I and Hufeisen, Sandra J and Jensen, Niels H and Kuijer, Michael B and Matos, Roberto C and Tran, Thuy B and others},
  journal={Nature},
  volume={462},
  number={7270},
  pages={175},
  year={2009},
  publisher={Nature Publishing Group}
}

@article{keiserhert2008relatingdrugclasses,
  title={Quantifying the relationships among drug classes},
  author={Hert, J{\'e}r{\^o}me and Keiser, Michael J and Irwin, John J and Oprea, Tudor I and Shoichet, Brian K},
  journal={Journal of chemical information and modeling},
  volume={48},
  number={4},
  pages={755--765},
  year={2008},
  publisher={ACS Publications}
}
@inproceedings{fout2017proteininterface,
  title={Protein interface prediction using graph convolutional networks},
  author={Fout, Alex and Byrd, Jonathon and Shariat, Basir and Ben-Hur, Asa},
  booktitle={Advances in Neural Information Processing Systems},
  pages={6530--6539},
  year={2017}
}
@article{yang2013tmsite,
  title={Protein--ligand binding site recognition using complementary binding-specific substructure comparison and sequence profile alignment},
  author={Yang, Jianyi and Roy, Ambrish and Zhang, Yang},
  journal={Bioinformatics},
  volume={29},
  number={20},
  pages={2588--2595},
  year={2013},
  publisher={Oxford University Press}
}
%tal vez vuela, pero critican laplace
@inproceedings{monti2017geometric, 
  title={Geometric deep learning on graphs and manifolds using mixture model cnns},
  author={Monti, Federico and Boscaini, Davide and Masci, Jonathan and Rodola, Emanuele and Svoboda, Jan and Bronstein, Michael M},
  booktitle={Proceedings of the IEEE Conference on Computer Vision and Pattern Recognition},
  pages={5115--5124},
  year={2017}
}
@article{selsam2018graphsatsolver,
  title={Learning a SAT solver from single-bit supervision},
  author={Selsam, Daniel and Lamm, Matthew and B{\"u}nz, Benedikt and Liang, Percy and de Moura, Leonardo and Dill, David L},
  journal={arXiv preprint arXiv:1802.03685},
  year={2018}
}
@inproceedings{gilmer2017neuralmessagepassing,
  title={Neural message passing for quantum chemistry},
  author={Gilmer, Justin and Schoenholz, Samuel S and Riley, Patrick F and Vinyals, Oriol and Dahl, George E},
  booktitle={Proceedings of the 34th International Conference on Machine Learning-Volume 70},
  pages={1263--1272},
  year={2017},
  organization={JMLR. org}
}
@book{nielsen2015neural,
  title={Neural networks and deep learning},
  author={Nielsen, Michael A},
  volume={25},
  year={2015},
  publisher={Determination press San Francisco, CA, USA:}
}
@inproceedings{atwood2016dcnn,
  title={Diffusion-convolutional neural networks},
  author={Atwood, James and Towsley, Don},
  booktitle={Advances in Neural Information Processing Systems},
  pages={1993--2001},
  year={2016}
}
@inproceedings{grover2016node2vec,
  title={node2vec: Scalable feature learning for networks},
  author={Grover, Aditya and Leskovec, Jure},
  booktitle={Proceedings of the 22nd ACM SIGKDD international conference on Knowledge discovery and data mining},
  pages={855--864},
  year={2016},
  organization={ACM}
}
@inproceedings{seeingstars_regularization,
    title = "Seeing stars when there aren{'}t many stars: Graph-based semi-supervised learning for sentiment categorization",
    author = "Goldberg, Andrew  and
      Zhu, Xiaojin",
    booktitle = "Proceedings of {T}ext{G}raphs: the First Workshop on Graph Based Methods for Natural Language Processing",
    month = jun,
    year = "2006",
    address = "New York City",
    publisher = "Association for Computational Linguistics",
    pages = "45--52",
}
@article{wallach2018overfitting,
  title={Most ligand-based classification benchmarks reward memorization rather than generalization},
  author={Wallach, Izhar and Heifets, Abraham},
  journal={Journal of chemical information and modeling},
  volume={58},
  number={5},
  pages={916--932},
  year={2018},
  publisher={ACS Publications}
}
@article{edelsbrunner2008perseus,
  title={Persistent homology-a survey},
  author={Edelsbrunner, Herbert and Harer, John},
  journal={Contemporary mathematics},
  volume={453},
  pages={257--282},
  year={2008},
  publisher={Providence, RI: American Mathematical Society}
}
@article{tsubaki2018CPIgnn,
  title={Compound--protein interaction prediction with end-to-end learning of neural networks for graphs and sequences},
  author={Tsubaki, Masashi and Tomii, Kentaro and Sese, Jun},
  journal={Bioinformatics},
  volume={35},
  number={2},
  pages={309--318},
  year={2018},
  publisher={Oxford University Press}
}
@article{olah2018interpretability,
  author = {Olah, Chris and Satyanarayan, Arvind and Johnson, Ian and Carter, Shan and Schubert, Ludwig and Ye, Katherine and Mordvintsev, Alexander},
  title = {The Building Blocks of Interpretability},
  journal = {Distill},
  year = {2018},
  note = {https://distill.pub/2018/building-blocks},
  doi = {10.23915/distill.00010}
}
@article{yang2012biolip,
  title={BioLiP: a semi-manually curated database for biologically relevant ligand--protein interactions},
  author={Yang, Jianyi and Roy, Ambrish and Zhang, Yang},
  journal={Nucleic acids research},
  volume={41},
  number={D1},
  pages={D1096--D1103},
  year={2012},
  publisher={Oxford University Press}
}
%alguno de: how powerful are GNNs (no ppt) https://arxiv.org/pdf/1810.00826.pdf
%o representation learning on graphs https://cs.stanford.edu/people/jure/pubs/graphrepresentation-ieee17.pdf
%curso de stanford, GAT, lecun largo, kipf